<?xml version="1.0" encoding="UTF-8"?><collection xmlns="http://www.loc.gov/MARC21/slim"><record><leader>00377nam--2200121-i-4500</leader><controlfield tag="001">000018831</controlfield><controlfield tag="002">20161230</controlfield><controlfield tag="005">20161230201032</controlfield><controlfield tag="008">060222s1000------------r-----000-0-eng-d</controlfield><datafield ind1=" " ind2=" " tag="100"><subfield code="a">Emmons, Howard W., Lick, Wilbert J</subfield></datafield><datafield ind1=" " ind2=" " tag="245"><subfield code="a">Transport properties of helium, from 200 to 50,000 k</subfield></datafield><datafield ind1=" " ind2=" " tag="260"><subfield code="a">Cambridge/Mass., Harvard University Press, 1965. V + 106 P. + 2 Harti</subfield></datafield><datafield ind1=" " ind2=" " tag="852"><subfield code="a">22472</subfield></datafield></record></collection>